% Para enlaces web
@misc{example2024,
  author = {John Doe},
  title = {Title of the Web Page},
  howpublished = {\url{http://www.example.com}},
  year = {2024},
  note = {Accessed: 2024-05-25}
}

% Para capitulos de un libro
@incollection{wilson2020,
  author = {Robert Wilson},
  title = {Chapter on Deep Learning Applications},
  booktitle = {Handbook of Machine Learning},
  editor = {Alice Smith and Bob Johnson},
  publisher = {Tech Press},
  year = {2020},
  pages = {250-275},
  edition = {1st},
  address = {Boston},
  url = {http://example.com/handbook}
}

% Para entradas de una conferencia
@inproceedings{miller2022,
  author = {Michael Miller and Sarah Lee},
  title = {Advances in AI for Autonomous Vehicles},
  booktitle = {Proceedings of the 2022 International Conference on Artificial Intelligence},
  year = {2022},
  pages = {101-110},
  address = {San Francisco, CA},
  month = {July},
  organization = {AI Conference Inc.},
  url = {http://example.com/conference}
}

% Para articulos
@article{smith2023,
  author = {John Smith and Jane Doe},
  title = {A Comprehensive Study on Machine Learning},
  journal = {Journal of Machine Learning Research},
  year = {2023},
  volume = {25},
  number = {3},
  pages = {123-145},
  month = {March},
  note = {Special issue on neural networks},
  url = {http://example.com/article}
}

@book{rosenblum2001,
  author = {Rosenblum, M.},
  title = {Web Security: A Step-by-Step Reference Guide},
  year = {2001},
  publisher = {Prentice Hall},
  note = {Incluye una definición de cookie.}
}

@article{kristol2001,
  author = {Kristol, D. M.},
  title = {HTTP Cookies: Standards, Privacy, and Politics},
  journal = {ACM Transactions on Internet Technology (TOIT)},
  volume = {1},
  number = {2},
  pages = {151-198},
  year = {2001},
  note = {Artículo que describe de forma completa que son las cookies, así cómo sus políticas de seguridad, privacidad y su integración con el protocolo HTTP.}
}

@inproceedings{wang2006,
  author = {Wang, X. and Goldberg, I.},
  title = {Improved Browsing for Large Web Archives with In-Page Search},
  booktitle = {Proceedings of the 15th International Conference on World Wide Web},
  year = {2006}
}

@misc{fielding1999,
  author = {Fielding, R. and Gettys, J. and Mogul, J. and Frystyk, H. and Masinter, L. and Leach, P. and Berners-Lee, T.},
  title = {Hypertext Transfer Protocol -- HTTP/1.1},
  howpublished = {RFC 2616},
  year = {1999},
  url = {https://datatracker.ietf.org/doc/html/rfc2616}
}

@misc{accessq2024envenenamiento,
  author       = {{AccessQ}},
  title        = {Envenenamiento de Cookies: Qué es y Cómo Prevenirlo},
  year         = {2024},
  url          = {https://www.accessq.com.mx/envenenamiento-de-cookies/},
  note         = {Accedido: 26 de mayo de 2024}
}

@misc{techtarget2024cookie,
  author       = {{TechTarget}},
  title        = {Cookie Poisoning (Envenenamiento de Cookies)},
  year         = {2024},
  url          = {https://www.techtarget.com/searchsecurity/definition/cookie-poisoning},
  note         = {Accedido: 26 de mayo de 2024}
}

@misc{ibm2024cookie,
  author       = {IBM PTC Security},
  title        = {Cookie Jar Overflow Attack},
  year         = {2024},
  url          = {https://medium.com/@ibm_ptc_security/cookie-jar-overflow-attack-ae5135b6100},
  note         = {Accedido: 26 de mayo de 2024}
}

@misc{appsecmonkey2024session,
  author       = {{AppSec Monkey}},
  title        = {Session Fixation},
  year         = {2024},
  url          = {https://www.appsecmonkey.com/blog/session-fixation},
  note         = {Accedido: 26 de mayo de 2024}
}

@misc{bbc2016noticias,
  author       = {{BBC Mundo}},
  title        = {El misterioso asesinato de una familia francesa que la policía aún no logra explicar},
  year         = {2016},
  url          = {https://www.bbc.com/mundo/noticias-internacional-37444591},
  note         = {Accedido: 26 de mayo de 2024}
}

@misc{f52024cookie,
  author       = {{F5 Networks}},
  title        = {Cookie Poisoning},
  year         = {2024},
  url          = {https://www.f5.com/glossary/cookie-poisoning},
  note         = {Accedido: 26 de mayo de 2024}
}

@misc{linkedin2024cookie,
  author       = {{LinkedIn}},
  title        = {¿Qué es el envenenamiento de cookies HTTP y cómo puedes prevenirlo?},
  year         = {2024},
  url          = {https://www.linkedin.com/advice/1/what-http-cookie-poisoning-how-can-you-prevent-aaruc?lang=es&originalSubdomain=es},
  note         = {Accedido: 26 de mayo de 2024}
}

@misc{linkedin2024cookie2,
  author       = {{LinkedIn}},
  title        = {¿Cómo detectar y responder al robo de cookies?},
  year         = {2024},
  url          = {https://www.linkedin.com/advice/3/how-do-you-detect-respond-cookie-stealing?lang=es&originalSubdomain=es},
  note         = {Accedido: 26 de mayo de 2024}
}

@misc{escudodigital2024google,
  author       = {{Escudo Digital}},
  title        = {Google trabaja en una nueva función para evitar el robo de cookies},
  year         = {2024},
  url          = {https://www.escudodigital.com/ciberseguridad/google-trabaja-en-nueva-funcion-evitar-robo-cookies_58578_102.html},
  note         = {Accedido: 26 de mayo de 2024}
}

@misc{bitlifemedia2024google,
  author       = {{BitLife Media}},
  title        = {Google desarrolla una nueva función de seguridad en Chrome para evitar el robo de cookies de sesión},
  year         = {2024},
  url          = {https://bitlifemedia.com/2024/04/google-desarrolla-una-nueva-funcion-de-seguridad-en-chrome-para-evitar-el-robo-de-cookies-de-sesion/},
  note         = {Accedido: 26 de mayo de 2024}
}

@misc{unaaldia2022lastpass,
  author       = {{Una al Día - Hispasec}},
  title        = {Criminales han tenido acceso a los sistemas de desarrollo de LastPass durante cuatro días},
  year         = {2022},
  url          = {https://unaaldia.hispasec.com/2022/09/criminales-han-tenido-acceso-a-los-sistemas-de-desarrollo-de-lastpass-durante-cuatro-dias.html},
  note         = {Accedido: 26 de mayo de 2024}
}
